@MISC{DO-160,
	type 	= {Norm},
	key 	= {RTCA DO-160 G},
	number 	= {RTCA DO-160 G},
	month 	= dec,
	year 	= {2010},
	title	= {DO-160, Environmental Conditions and Test Procedures for Airborne Equipment},
}

@manual{python35,
  title        = {Python 3.5.6: A dynamic, open source programming language},
  author       = {Python Core Team (2018)}, 
  organization = {Python Software Foundation},
  month        = aug,
  year         = 2018,
  url 		   = {https://www.python.org/},
  note		   = {Python 3.5.6},
}

